@article {FF2015,
  title = "A five-factor asset pricing model",
  author = "Eugene F. Fama and Kenneth R. French",
  year = "2015",
  journal = "Journal of Financial Economics",
  volume = "116",
  number = "1",
  pages = "1--22"
}

@article{AngChen2002,
  title = "Asymmetric correlations of equity portfolios",
  author = "Andrew Ang and Joseph Chen",
  year = "2002",
  journal = "Journal of Financial Economics",
  volume = "63",
  pages = "443--494"
}

@article{KhandaniLo2011,
  title = "What happened to the quants in {August} 2007? Evidence from factors and transactions data",
  author = "Amir E. Khandani and Andrew W. Lo",
  year = "2011",
  journal = "Journal of Financial Markets",
  volume = "14",
  pages = "1--46"
}

@unpublished{LouPolk2013,
  title = "Comomentum: {Inferring} Arbitrage Activity from Return Correlations",
  author = "Dong Lou and Christopher Polk",
  year = "2013"
}

@article{HongStein1999,
  title = "A Unified Theory of UNderreaction, Momentum Trading, and Overreaction in Asset Markets",
  author = "Harrison Hong and Jeremy C. Stein",
  year = "1999",
  journal = "The Journal of Finance",
  volume = "54",
  number = "6",
  pages = "2143--2184"
}

@article{VayanosWoolley2013,
  title = "An Institutional Theory of Momentum and Reversal",
  author = "Dimitri Vayanos and Paul Woolley",
  year = "2013",
  journal = "The Review of Financial Studies",
  volume = "26",
  number = "5",
  pages = "1087--1145"
}

@unpublished{CholleteNing2012,
  title = "Asymmetric Dependence between Aggregate Consumption and Financial Risk",
  author = "Lor√°n Chollete and Cathy Ning",
  year = "2012"
}

@article{ChristoffersenLanglois2011,
  title = "The Joint Dynamics of Equity Market Factors",
  author = "Peter Christoffersen and Hugues Langlois",
  year = "2011",
  journal = "CREATES Research Paper Series",
  number = "45"
}

@article{Giorgia2015,
  title = "Factor copulas through a vine structure",
  author = "Rivieccio Giorgia",
  year = "2015",
  journal = "Electronic Journal of Applied Statistical Analysis",
  volume = "8",
  number = "2",
  pages = "246--266"
}
